@article{baffour2024utility,
  title={The Utility of Socioeconomic and Remoteness Indicators in Understanding the Geographical Variation in the Regional Prevalence of Early Childhood Vulnerability in Australia},
  author={Baffour, Bernard and Das, Sumonkanti and Li, Mu and Richardson, Alice},
  journal={Child Indicators Research},
  pages={1--37},
  year={2024},
  publisher={Springer}
}

@techreport{ASGS2016,
    author = {ABS},
    title = {Australian Statistical Geography Standard (ASGS): Volume 1 - Main Structure and Greater Capital City Statistical Areas, July 2016},
    institution = {Australian Bureau of Statistics},
    year = 2016,
    url = {https://www.abs.gov.au/ausstats/abs@.nsf/mf/1270.0.55.001}
}

@misc{AEDC_Data,
  author = {AEDC},
  title = {Australian Early Development Census Data},
  year = {2024},
  url = {https://www.aedc.gov.au/data},
  note = {Accessed: 2024-08-26}
}

@techreport{ABS_TableBuilder,
  author = {ABS},
  title = {Australian Bureau of Statistics: TableBuilder},
  institution = {Australian Bureau of Statistics},
  year = 2021,
  url = {https://www.abs.gov.au/statistics/microdata-tablebuilder/tablebuilder}
}